% fr√ºhere Arbeit
@article{doi:10.1137/21M1464592,
author = {Dahm, Sina and Helzel, Christiane},
title = {Hyperbolic Systems of Moment Equations Describing Sedimentation in Suspensions of Rod-Like Particles},
journal = {Multiscale Modeling \& Simulation},
volume = {20},
number = {3},
pages = {1002-1039},
year = {2022},
doi = {10.1137/21M1464592},
URL = {  https://doi.org/10.1137/21M1464592},
eprint = { https://doi.org/10.1137/21M1464592}
}

% Bild rod-like Particles in dilute solution
@Book{zbMATH05990161,
 Author = {Guazzelli, {\'E}lisabeth and Morris, Jeffrey F.},
 Title = {A physical introduction to suspension dynamics. {With} illustrations by {Sylvie} {Pic}.},
 FSeries = {Cambridge Texts in Applied Mathematics},
 Series = {Camb. Texts Appl. Math.},
 ISBN = {978-0-521-14927-3; 978-0-521-19319-1},
 Year = {2012},
 Publisher = {Cambridge: Cambridge University Press},
 Language = {English},
 DOI = {10.1017/CBO9780511894671},
 Keywords = {76-02,76T20,76D07},
 zbMATH = {5990161},
 Zbl = {1426.76003}
}

% Laplace-Beltrami
@Book{zbMATH01218597,
 Author = {Morimoto, Mitsuo},
 Title = {Analytic functionals on the sphere},
 FSeries = {Translations of Mathematical Monographs},
 Series = {Transl. Math. Monogr.},
 ISSN = {0065-9282},
 Volume = {178},
 ISBN = {0-8218-0585-1},
 Year = {1998},
 Publisher = {Providence, RI: American Mathematical Society},
 Language = {English},
 Keywords = {46F15,46-02,32A25,32A45,32C35,58J15,32-02,43-02,43A90},
 zbMATH = {1218597},
 Zbl = {0922.46040}
}

% Smoluchowski Equation on S2
@Article{zbMATH05037679,
 Author = {Helzel, Christiane and Otto, Felix},
 Title = {Multiscale simulations for suspensions of rod-like molecules},
 FJournal = {Journal of Computational Physics},
 Journal = {J. Comput. Phys.},
 ISSN = {0021-9991},
 Volume = {216},
 Number = {1},
 Pages = {52--75},
 Year = {2006},
 Language = {English},
 DOI = {10.1016/j.jcp.2005.11.028},
 Keywords = {82C31,76A10,35Q35,65N22},
 zbMATH = {5037679},
 Zbl = {1107.82040}
}

@Article{zbMATH07295185,
 Author = {Helzel, Christiane and Schneiders, Maximilian},
 Title = {Numerical approximation of the {Smoluchowski} equation using radial basis functions},
 FJournal = {Journal of Computational Mathematics},
 Journal = {J. Comput. Math.},
 ISSN = {0254-9409},
 Volume = {38},
 Number = {1},
 Pages = {176--194},
 Year = {2020},
 Language = {English},
 DOI = {10.4208/jcm.1908-m2018-0211},
 Keywords = {65M70,65M20,65D12},
 zbMATH = {7295185},
 Zbl = {1463.65322}
}


%Spectral Method
@Article{zbMATH06724175,
 Author = {Helzel, Christiane and Tzavaras, Athanasios E.},
 Title = {A kinetic model for the sedimentation of rod-like particles},
 FJournal = {Multiscale Modeling \& Simulation},
 Journal = {Multiscale Model. Simul.},
 ISSN = {1540-3459},
 Volume = {15},
 Number = {1},
 Pages = {500--536},
 Year = {2017},
 Language = {English},
 DOI = {10.1137/15M1023907},
 Keywords = {76T20,74A25,35B40,35B35,35B36},
 zbMATH = {6724175},
 Zbl = {1362.76059}
}


% Numerical Discretisation of the Coupled Moment System

@misc{dahm2024numericaldiscretisationhyperbolicsystems,
      title={Numerical Discretisation of Hyperbolic Systems of Moment Equations Describing Sedimentation in Suspensions of Rod-Like Particles}, 
      author={Sina Dahm and Jan Giesselmann and Christiane Helzel},
      year={2024},
      eprint={2401.14817},
      archivePrefix={arXiv},
      primaryClass={math.NA},
      url={https://arxiv.org/abs/2401.14817}, 
}
